@online{rotten_about,
    author = {Fandango},
    title = {About Rotten TomatoesÂ®},
    howpublished = {\url{https://www.rottentomatoes.com/about}},
    year  = {accessed: 25.01.2023},
    keywords = {rottentomatoes,movies}
}

@online{looper_divides,
    author = {Noolan Moore, Hunter Gates},
    title = {The Biggest Divides Between Audience And Critic Scores On Rotten Tomatoes},
    howpublished = {\url{https://www.looper.com/136024/the-biggest-divides-between-audience-and-critic-scores-on-rotten-tomatoes/}},
    year  = {accessed: 25.01.2023},
    keywords = {rottentomatoes,movies}
}

@online{reddit_divide_1,
    author = {Reddit},
    title = {Critics vs Audience},
    howpublished = {\url{https://www.reddit.com/r/ExpectationVsReality/comments/d042sa/critics_vs_audience/}},
    year  = {accessed: 25.01.2023},
    keywords = {rottentomatoes,reddit}
}

@online{reddit_divide_2,
    author = {Reddit},
    title = {Rotten Tomatoes: Critic vs. Audience Score [OC]},
    howpublished = {\url{https://www.reddit.com/r/dataisbeautiful/comments/o1xw4w/rotten_tomatoes_critic_vs_audience_score_oc/}},
    year  = {accessed: 25.01.2023},
    keywords = {rottentomatoes,reddit}
}

@online{batman_remakes,
    author = {Reddit},
    title = {Batman in film},
    howpublished = {\url{https://en.wikipedia.org/wiki/Batman_in_film}},
    year  = {accessed: 25.01.2023},
    keywords = {rottentomatoes,batman,wikipedia}
}